@techreport{kevlar09,
    author = "Destefanis and Amerio and Briccarello and Belucco and Faraud and Tracion and Lobascio",
    title = "Space environment characterisation of {K}evlar : good for bullets, debris and radiation too",
    institution = "Thales {A}lenia {S}pace {I}talia and {S}ofiter {S}ystem {E}ngineering",
    year = "2009",
}

@techreport{eccs-70,
    author = {{European Space Agency}},
    institution = {{ESA-ESTEC, Requirements and Standards Division}},
    title = {Thermal vacuum outgassing test for the screening of space materials},
    number = {{ECSS-Q-ST-70-02C}},
    key = {{ECCS-70}},
    year = 2008
}

@techreport{dyneema-testing,
    author = {{European Space Agency}},
    institution = {{ESA-ESTEC, Requirements and Standards Division}},
    title = {Dyneema outgassing measurement},
    howpublished = {\url{http://esmat.esa.int/Services/outgassing_data/outgassing_data.html}},
    note = {Consulté le 01.05.2013},
    number = {{Estec-477}},
    year = {1999}
}

@book{intr_eng_mech,
	author = {Jenn Stroud Rossmann, Clive L. Dym},
	title = {Introduction to Engineering Mechanics - A Continuum Approach},
	publisher = {CRC Press},
	year = {2009}
}

@misc{fluoro-plastics,
	author = {{Fluoro-Plastics}},
	howpublished = {\url{http://catalog.fluoropolymerproducts.com/}},
	note = {Consulté le 10.05.2013}
}


